% This file was created with JabRef 2.3.1.
% Encoding: UTF-8

@ARTICLE{Best,
  author = {Jo Best},
  title = {The race to 5G: Inside the fight for the future of mobile as we know it},
  journal = {TechRepublic},
  year = {2014},
  number = {1}
}

@ARTICLE{Qualcomm,
  author = {Qualcomm Technologies},
  title = {Leading the world to 5G },
  journal = {Presentation},
  year = {2016},
  number = {2}
}


@ARTICLE{Wunder,
  author = {Wunder G., Jung P., Kasparick M. et al},
  title = {5GNOW: Non-Orthogonal,Asynchronous Waveforms for Future Mobile Applications},
  journal = {IEEE Communications Magazine},
  year = {2014},
  number = {3}
}  

@ARTICLE{Zhao,
  author = {Zhao F.},
  title = {Huawei smartphone solutions},
  journal = {White Paper},
  year = {2012},
  number = {4}
}  

@ARTICLE{Wild,
  author = {Wild T., Schaich F., Chen Y.},
  title = {5G air interface design bases on universal filtered (UF-)OFDM},
  journal = {19th International Conference on Digital Signal Processing (DSP)},
  year = {2014},
  pages = {699-704},
  number = {5}
} 

@ARTICLE{Prouski,
  author = {Guilda Prouski, Masume Jafari, Houman Zarrabi},
  title = {Internet of Things in Eye Diseases, Introducing a New Smart Eyeglasses Designed for Probable Dangerous Pressure Changes in Human Eyes},
  journal = {2017 International Conference on Computer and Applications (ICCA)},
  year = {2017},
  pages = {364-368},
  number = {6}
} 

@ARTICLE{Saha,
  author = {Himadri Nath Saha, et. al},
  title = {Pollution Control using Internet of Things (IoT)},
  journal = {8th Annual Industrial Automation and Electromechanical Engineering (IEMECON)},
  year = {2017},
  pages = {65-68},
  number = {7}
} 

@ARTICLE{Hlaing,
  author = {Win Hlaing, Somchai Thepphaeng, et. al},
  title = {Implementation of WiFi-based single phase smart meter for Internet of Things (IoT)},
  journal = {International Electrical Engineering Congress (iEECON)},
  year = {2017},
  pages = {1-4},
  number = {8}
} 

@ARTICLE{DLee,
  author = {Win Hlaing, Somchai Thepphaeng, et. al},
  title = {Coordinated Multipoint Transmission and Reception in LTE-Advanced: Deployment Scenarios and Operational Challenges},
  journal = {IEEE Communications Magazine},
  year = {2012},
  pages = {148-155},
  number = {9}
} 

@ARTICLE{Fettweis1,
  author = {Gehrarhd Fettweis},
  title = {The Tactile Internet: Applications and Challenges},
  journal = {IEEE Communications Magazine},
  year = {2014},
  pages = {64-70},
  number = {10}
} 

@ARTICLE{Liu,
  author = {Yinsheng Liu, Xia Chen, Zhangdui Zhong, et. al},
  title = {Waveform Candidates for 5G Networks: Analysis and Comparison},
  journal = {IEEE Communications Magazine},
  year = {2012},
  pages = {148-155},
  number = {11}
} 

@ARTICLE{Gerzaguet,
  author = {Robin Gerzaguet, Nikolaos Bartzoudis, 	 Leonardo Gomes Baltar, et. al},
  title = {The 5G candidate waveform race: a comparison of complexity and performance},
  journal = {EURASIP Journal on Wireless Communications and Networking},
  year = {2017},
  pages = {148-155},
  number = {12}
} 

@ARTICLE{Changyoung,
  author = {Changyoung An, Byeonjae Kim, Heung-Gyoon Ryu},
  title = {Waveform comparison and nonlinearity sensitivities of FBMC, UFMC and W-OFDM Systems},
  journal = {Computer Science and Information Technology},
  year = {2016},
  pages = {1-8},
  number = {13}
} 

@ARTICLE{Maheswari,
  author = {Maheswari, Govindaraju, et. al},
  title = {Performance analysis of filter bank multicarrier system with non-linear high power amplifiers for 5G wireless networks},
  journal = {IET Signal Processing},
  year = {2017},
  pages = {66-72},
  number = {14}
} 

@ARTICLE{Afif,
  author = {Afif Osseiran, Frederico Boccardi, Volker Braun, et. al},
  title = {Scenarios for 5G mobile and wireless communications: the vision of the METIS project},
  journal = {IEEE Communications Magazine},
  year = {2014},
  pages = {26-25},
  number = {15}
} 

@ARTICLE{Krishna,
  author = {Krishna Murali P., Babu Sameer T.P},
  title = {Polyphase Channelizer Demystified},
  journal = {IEEE Signal Processing magazine},
  year = {2016},
  pages = {144-150},
  number = {31}
}

@ARTICLE{Vaidyanathan,
  author = {Gregorio F, Cousseau J, Werner S },
  title = {Multirate Systems and Filter Banks},
  journal = {Englewood Cliffs},
  year = {1993},
  number = {32}
}

@ARTICLE{Fliege,
  author = {Fliege N.J.},
  title = {Multirate Signal Processing},
  journal = {Wiley},
  year = {1993},
  number = {33}
}

@ARTICLE{Bellanger2,
  author = {Bellanger M., Daguet J.},
  title = {TDM-FDM transmultiplexer: Digital polyphase FFT},
  journal = {IEEE Transactions Communication},
  year = {1974},
  pages = {1199-1205},
  number = {34}
}

@ARTICLE{IMT2015,
  author = {ITU-R},
  title = {Framework and overall objectives of the future development of IMT for 2020 and beyond},
  journal = {IEEE Transactions Communication},
  number = {35}
}


@ARTICLE{Ding2004,
  author = {L. Ding, G. T. Zhou, D. R. Morgan, Z. Ma, J. S. Kenney, J. Kim and C. R. Giardina},
  title = {A robust digital baseband predistorter constructed using memory polynomials},
  journal = {IEEE Transactions on Communications},
  year = {2004},
  pages = {159-165},
  number = {36}
}

@ARTICLE{Cheiato2017,
  author = {A. Cheiato, M. Crussiere, J. F. Helard and Y. Louet},
  title = {Quantifying the memory effects of power amplifiers: EVM closed-form derivations of multicarrier signals},
  journal = {IEEE Wireless Communications Letters},
  year = {2017},
  pages = {34-47},
  number = {37}
}

@ARTICLE{Vuolevi2001,
  author = {J. H. K. Vuolevi, T. Rahkonen and J. P. A. Manninen},
  title = {Measurement technique for characterizing memory
effects in RF power amplifiers},
  journal = {IEEE Transactions on Microwave Theory and Techniques},
  year = {2001},
  pages = {1383-1389},
  number = {38}
}

@ARTICLE{Morgan2006,
  author = {D. R. Morgan, Z. Ma, J. Kim, M. G. Zierdt and J. Pastalan},
  title = {A generalized memory polynomial model for digital predistortion of RF power amplifiers},
  journal = {IEEE Transactions on Signal Processing},
  year = {2006},
  pages = {3852-3860},
  number = {39}
}

@ARTICLE{Acshbacher2005,
  author = {E. Aschbacher, H. Arthaber and M. Rupp},
  title = {A fast algortihm for digital pre-distorion of nonlinear power amplifiers},
  journal = {3th European Signal Processing Conference},
  year = {2005},
  pages = {1-4},
  number = {40}
}

@ARTICLE{Sergey 2016,
  author = {A. Polovnikov, Y. Matveev and V. Khustalev},
  title = {Simulation of Power Amplifiers with Memory Effect},
  journal = {IFOST Information and Communication Technologies},
  year = {2016},
  pages = {338-341},
  number = {41}
}

@ARTICLE{Wood,
  author = {J. Wood},
  title = {Behavioral Modeling of RF Power Amplifiers},
  journal = {orwood, MA, USA: Artech House},
  year = {2014},
  number = {42}
}

@ARTICLE{Katz,
  author = {A. Katz, J. Wood},
  title = {The Evolution of PA linearization},
  journal = {IEEE Microwaves Magazine},
  year = {2016},
  pages = {32-40},  
  number = {42}
}

@ARTICLE{Dardaillon,
  author = {M. Dardaillon, C. Jabbour and V. Srini},
  title = {Adaptive digital pre-distortion for future wireless transmitters},
  journal = {IEEE International Conference on Electronics, Circuits and Systems},
  year = {2016}, 
  number = {43}
}

@ARTICLE{Uilian,
  author = {I. A. Ulian and A. N. Barreto},
  title = {Comparação entre Pós e Pré Processamento para Mitigação dos Efeitos Não Lineares em um Sistema OFDM},
  journal = {Simpósio Brasileiro de Telecomunicações (SBrT)},
  year = {2011},
  number = {44}
}

@ARTICLE{Uilian2,
  author = {I. A. Ulian e A. N. Barreto},
  title = {On the Impact of Non-Linear High Power Amplifiers on Coded OFDM},
  journal = {International Telecommunications Symposium (ITS)},
  year = {2010}, 
  number = {45}
}

@ARTICLE{Saleh,
  author = {A. Saleh},
  title = {Frequency-Independent and Frequency-Dependent Nonlinear Models of TWT Amplifiers},
  journal = {IEEE Transactions on Communications},
  year = {1981}, 
  number = {46}
}

@ARTICLE{Bhat,
  author = {S. Bhat and A. Chockalingam},
  title = {Compensation of power amplifier nonlinear distortion in spatial modulation systems},
  journal = {IEEE 17th International Workshop on  Signal Processing Advances in Wireless Communications (SPAWC)},
  year = {2016}, 
  number = {47}
}

@ARTICLE{Rapp,
  author = {C. Rapp},
  title = {Effects of HPA-Nonlinearity on a 4-DPSK/OFDM Signal for a Digital Sound Boradcasting System},
  journal = {Proc. 2nd European Conf. Satellite Communication},
  year = {1991}, 
  number = {48}
}
 
@ARTICLE{Zhang,
  author = {Qian Zhang and Wenhua Chen},
  title = {redistortion for 5G wideband power amplifiers using multiple band-limited feedback signals},
  journal = {Microwave Measurement Conf. (ARFTG)},
  year = {2017}, 
  number = {49}
} 
 
@ARTICLE{Papoulis,
  author = {A. Papoulis},
  title = {Probability, Random Variables and Stochastic Processes},
  journal = {3rd ed. McGraw-Hill Inc},
  year = {1991}, 
  number = {50}
} 

@ARTICLE{Chen,
  author = {H. Chen e A. Haimovich},
  title = {Iterative Estimation and Cancellation of Clipping Noise for OFDM},
  journal = {IEEE Communicaions Letters},
  year = {2003},
  pages = {305-307},  
  number = {51}
}

@ARTICLE{MetisD28,
  author = {Afif Osseiran, Frederico Boccardi, Volker Braun, et. al},
  title = {Scenarios for 5G mobile and wireless communications: the vision of the METIS project},
  journal = {IEEE Communications Magazine},
  year = {2014},
  pages = {26-25},
  number = {16}
}

@ARTICLE{Roh,
  author = {Afif Osseiran, Frederico Boccardi, Volker Braun, et. al},
  title = {Scenarios for 5G mobile and wireless communications: the vision of the METIS project},
  journal = {IEEE Communications Magazine},
  year = {2014},
  pages = {26-25},
  number = {17}
}

@ARTICLE{METIS3,
  author = {Afif Osseiran, Frederico Boccardi, Volker Braun, et. al},
  title = {Scenarios for 5G mobile and wireless communications: the vision of the METIS project},
  journal = {IEEE Communications Magazine},
  year = {2014},
  pages = {26-25},
  number = {18}
}

@ARTICLE{Monserrat,
  author = {Afif Osseiran, Frederico Boccardi, Volker Braun, et. al},
  title = {Scenarios for 5G mobile and wireless communications: the vision of the METIS project},
  journal = {IEEE Communications Magazine},
  year = {2014},
  pages = {26-25},
  number = {19}
}

@ARTICLE{Maziar,
  author = {Afif Osseiran, Frederico Boccardi, Volker Braun, et. al},
  title = {Scenarios for 5G mobile and wireless communications: the vision of the METIS project},
  journal = {IEEE Communications Magazine},
  year = {2014},
  pages = {26-25},
  number = {20}
}

@ARTICLE{Bellanger,
  author = {Afif Osseiran, Frederico Boccardi, Volker Braun, et. al},
  title = {Scenarios for 5G mobile and wireless communications: the vision of the METIS project},
  journal = {IEEE Communications Magazine},
  year = {2014},
  pages = {26-25},
  number = {21}
}

@ARTICLE{AbdoliJ,
  author = {Afif Osseiran, Frederico Boccardi, Volker Braun, et. al},
  title = {Scenarios for 5G mobile and wireless communications: the vision of the METIS project},
  journal = {IEEE Communications Magazine},
  year = {2014},
  pages = {26-25},
  number = {22}
}

@ARTICLE{YinshengLiu,
  author = {YinshengLiu, Xia Chen, Zhangdui Zhong, et. al},
  title = {Waveform Design for 5G Networks: Analysis and Comparison},
  journal = {IEEE Access},
  year = {2017},
  pages = {19282-19290},
  number = {23}
}

@ARTICLE{Boroujeny,
  author = {Farhang-Boroujeny, },
  title = {OFDM versus filter bank multicarrier},
  journal = {IEEE Signal Processing},
  year = {2011},
  pages = {1016-1018},
  number = {24}
}

@ARTICLE{gregorio,
  author = {Gregorio F, Cousseau J, Werner S },
  title = {Compensation of IQ imbalance and transmitter nonlinearities in broadband MIMO-OFDM},
  journal = {IEEE Signal Process},
  year = {2011},
  pages = {1016-1018},
  number = {25}
}

@ARTICLE{Shang,
  author = {Gregorio F, Cousseau J, Werner S },
  title = {Compensation of IQ imbalance and transmitter nonlinearities in broadband MIMO-OFDM},
  journal = {IEEE Signal Process},
  year = {2011},
  pages = {1016-1018},
  number = {26}
}

@ARTICLE{Silva,
  author = {Gregorio F, Cousseau J, Werner S },
  title = {Compensation of IQ imbalance and transmitter nonlinearities in broadband MIMO-OFDM},
  journal = {IEEE Signal Process},
  year = {2011},
  pages = {1016-1018},
  number = {27}
}

@ARTICLE{ZhuFu,
  author = {Gregorio F, Cousseau J, Werner S },
  title = {Compensation of IQ imbalance and transmitter nonlinearities in broadband MIMO-OFDM},
  journal = {IEEE Signal Process},
  year = {2011},
  pages = {1016-1018},
  number = {28}
}

@ARTICLE{Zhang,
  author = {Gregorio F, Cousseau J, Werner S },
  title = {Compensation of IQ imbalance and transmitter nonlinearities in broadband MIMO-OFDM},
  journal = {IEEE Signal Process},
  year = {2011},
  pages = {1016-1018},
  number = {29}
}

@ARTICLE{Abdelaziz,
  author = {Gregorio F, Cousseau J, Werner S },
  title = {Compensation of IQ imbalance and transmitter nonlinearities in broadband MIMO-OFDM},
  journal = {IEEE Signal Process},
  year = {2011},
  pages = {1016-1018},
  number = {30}
}




@comment{jabref-meta: selector_publisher:}

@comment{jabref-meta: selector_author:}

@comment{jabref-meta: selector_journal:}

@comment{jabref-meta: selector_keywords:}

